@article{aubert2012disparites,
  title={\href{https://www.insee.fr/fr/statistiques/1373977?sommaire=1373983}{Disparit{\'e}s de montant de pension et redistribution dans le syst{\`e}me de retraite fran{\c{c}}ais}},
  author={Aubert, Patrick and Bachelet, Marion},
  journal={INSEE, s{\'e}rie des documents de travail de la Direction des {\'E}tudes et Synth{\`e}ses {\'E}conomiques},
  volume={G1206},
  year={2012}
}


@article{bachelet2014biographies,
  title={\href{https://www.insee.fr/fr/statistiques/1381043}{Les biographies du mod{\`e}le Destinie II: rebasage et projection}},
  author={Bachelet, Marion and Leduc, Aude and Marino, Anthony},
  journal={Document de travail INSEE/DESE},
  volume={g201401},
  year={2014}
}

@article{blanchet1998retraites,
  title={\href{https://www.persee.fr/doc/estat_0336-1454_1998_num_315_1_2643}{Les retraites individuelles {\`a} long terme: une projection par microsimulation}},
  author={Blanchet, Didier and Chanut, Jean-Marie},
  journal={Economie et statistique},
  volume={315},
  number={1},
  pages={95--106},
  year={1998},
  publisher={Pers{\'e}e-Portail des revues scientifiques en SHS}
}


@article{blanpainprojections,
  title={\href{https://www.insee.fr/fr/statistiques/2496793}{Projections de population 2013-2070 pour la France}},
  author={Blanpain, N and Buisson, G},
  journal={Insee R{\'e}sultats},
  volume={187},
  year={2016}
}

@article{blanpain2016esperance,
  title={\href{https://www.insee.fr/fr/statistiques/2022138}{L'espérance de vie par catégorie sociale et par diplôme - {M}éthode et principaux résultats}},
  author={Blanpain, Nathalie},
  journal={Document de travail INSEE/DSDS },
  volume={F1602},
  year={2016}
}


@article{buisson2013couple,
  title={\href{https://www.insee.fr/fr/statistiques/1281436}{Le couple dans tous ses {\'e}tats}},
  author={Buisson, Guillemette and Lapinte, Aude},
  journal={Insee premi{\`e}re},
  volume={1435},
  year={2013}
}


@article{dubois2015indicateurs,
  title={\href{https://www.insee.fr/fr/statistiques/1381146}{Indicateurs de rendement du système de retraite français}},
  author={Dubois, Yves and Marino, Anthony},
  journal={Document de travail INSEE/DESE},
  volume={G1502},
  year={2015}
}


@article{dubois2015taux,
  title={\href{https://www.persee.fr/doc/estat_0336-1454_2015_num_481_1_10630}{Le taux de rendement interne du syst{\`e}me de retraite fran{\c{c}}ais: quelle redistribution au sein d’une g{\'e}n{\'e}ration et quelle {\'e}volution entre g{\'e}n{\'e}rations?}},
  author={Dubois, Yves and Marino, Anthony},
  journal={Economie et statistique},
  volume={481},
  number={1},
  pages={77--95},
  year={2015},
  publisher={Pers{\'e}e-Portail des revues scientifiques en SHS}
}


@article{dubois_koubi_2017,
  title={\href{https://www.insee.fr/fr/statistiques/2672106}{R{\`e}gles d'indexation des pensions et sensibilit{\'e} des d{\'e}penses de retraites {\`a} la croissance {\'e}conomique et aux chocs d{\'e}mographiques}},
  author={Dubois, Yves and Koubi, Malik},
 journal={Document de travail INSEE/DESE},
  volume={G1702},
  year={2017}
}


@article{duee2005modelisation,
  title={\href{https://www.epsilon.insee.fr/jspui/handle/1/5867}{La mod{\'e}lisation des comportements d{\'e}mographiques dans le mod{\`e}le de microsimulation {D}estinie}},
  author={Du{\'e}e, Michel},
  journal={Document de travail INSEE/DESE},
  volume={G0504},
  year={2005}
}


@article{evrsi,
  title={\href{https://www.insee.fr/fr/statistiques/2842771}{L'espérance de vie en retraite sans incapacité sévère des générations nées entre 1960 et 1990 : une projection à partir du modèle {D}estinie}},
  author={Cazenave-Lacroutz, Alexandre and Godet, Fanny},
  journal={Document de travail INSEE/DESE},
  volume={G1703},
  year={2017}
}


@article{marbot2015projections,
  title={\href{https://www.persee.fr/doc/estat_0336-1454_2015_num_481_1_10635}{Projections du co{\^u}t de l’APA et des caract{\'e}ristiques de ses b{\'e}n{\'e}ficiaires {\`a} l’horizon 2040 {\`a} l’aide du mod{\`e}le Destinie}},
  author={Marbot, Claire and Roy, Delphine},
  journal={Economie et statistique},
  volume={481},
  number={1},
  pages={185--209},
  year={2015},
  publisher={Pers{\'e}e-Portail des revues scientifiques en SHS}
}
